@article{petabricks, 
title={PetaBricks}, 
DOI={10.1145/1542476.1542481}, 
journal={Proceedings of the 2009 ACM SIGPLAN conference on Programming language design and implementation - PLDI '09}, 
author={Ansel, Jason and Chan, Cy and Wong, Yee Lok and Olszewski, Marek and Zhao, Qin and Edelman, Alan and Amarasinghe, Saman}, 
year={2009}
},

@article{lira, 
title={LIRA}, 
DOI={10.1145/2768405.2768407}, 
journal={Proceedings of the 5th International Workshop on Runtime and Operating Systems for Supercomputers - ROSS '15}, 
author={Collins, Alexander and Harris, Tim and Cole, Murray and Fensch, Christian}, 
year={2015}
},

@article{skepu,
title={SkePU},
DOI={10.1145/1863482.1863487},
journal={Proceedings of the fourth international workshop on High-level parallel programming and applications - HLPP '10},
author={Enmyren, Johan and Kessler, Christoph W.},
year={2010}
},

@article{parallel_challenges, 
title={Challenges of evolving sequential to parallel code}, 
DOI={10.1145/2024445.2024447}, 
journal={Proceedings of the 12th international workshop and the 7th annual ERCIM workshop on Principles on software evolution and software evolution - IWPSE-EVOL '11}, 
author={Meade, Anne and Buckley, Jim and Collins, J. J.}, 
year={2011}
},

@article{mpi, 
title={MPI and communication---High-performance and scalable MPI over InfiniBand with reduced memory usage}, 
DOI={10.1145/1188455.1188565}, 
journal={Proceedings of the 2006 ACM IEEE conference on Supercomputing  - SC '06}, 
author={Sur, Sayantan and Koop, Matthew J. and Panda, Dhabaleswar K.}, 
year={2006}
},

@book{datacentres, 
edition={1}, 
title={The Datacenter As a Computer: An Introduction to the Design of Warehouse-scale Machines (Synthesis Lectures on Computer Architecture)}, 
publisher={Morgan & Claypool Publishers}, 
author={Ho¨lzle, Urs and Barroso, Luiz Andre´}, 
year={2009}
},

@book{posix_threads,
place={Boston [u.a.]},
title={Programming with POSIX threads},
publisher={Addison-Wesley},
author={Butenhof, David R},
year={2008}
},

@article{patterns_and_frameworks,
title={Parallel computing with patterns and frameworks},
volume={17},
DOI={10.1145/1836543.1836552},
number={1},
journal={XRDS: Crossroads, The ACM Magazine for Students},
author={Catanzaro, Bryan and Keutzer, Kurt},
year={2010},
pages={22}
},

@book{openmp,
place={San Francisco, Calif. [u.a.]},
title={Parallel programming in openMP},
publisher={Morgan Kaufmann},
author={Chandra, Rohit},
year={2009}
},

@article{sequential_to_parallel,
title={Challenges of evolving sequential to parallel code},
DOI={10.1145/2024445.2024447},
journal={Proceedings of the 12th international workshop and the 7th annual ERCIM workshop on Principles on software evolution and software evolution - IWPSE-EVOL '11},
author={Meade, Anne and Buckley, Jim and Collins, J. J.},
year={2011}
},

@article{concurrency_revolution,
title={Software and the concurrency revolution},
volume={3},
DOI={10.1145/1095408.1095421},
number={7},
journal={Queue},
author={Sutter, Herb and Larus, James},
year={2005},
pages={54}
},

@article{anzt_dongarra_quintana-ort_2015,
title={Adaptive precision solvers for sparse linear systems},
DOI={10.1145/2834800.2834802},
journal={Proceedings of the 3rd International Workshop on Energy Efficient Supercomputing - E2SC '15},
author={Anzt, Hartwig and Dongarra, Jack and Quintana-Ort�, Enrique S.},
year={2015}
},

@article{hackenberg_ilsche_schone_molka_schmidt_nagel_2013,
title={Power measurement techniques on standard compute nodes: A quantitative comparison},
DOI={10.1109/ispass.2013.6557170},
journal={2013 IEEE International Symposium on Performance Analysis of Systems and Software (ISPASS)},
author={Hackenberg, Daniel and Ilsche, Thomas and Schone, Robert and Molka, Daniel and Schmidt, Maik and Nagel, Wolfgang E.},
year={2013}
},

@article{wang_2015,
title={A chebyshev semi-iterative approach for accelerating projective and position-based dynamics},
volume={34},
DOI={10.1145/2816795.2818063},
number={6},
journal={ACM Transactions on Graphics},
author={Wang, Huamin},
year={2015},
pages={1-9}
},

@article{yang_mittal_2014,
title={Acceleration of the Jacobi iterative method by factors exceeding 100 using scheduled relaxation},
volume={274},
DOI={10.1016/j.jcp.2014.06.010},
journal={Journal of Computational Physics},
author={Yang, Xiyang I.A. and Mittal, Rajat},
year={2014},
pages={695-708}
},

@article{parallel_hard_perf,
title={The last mile},
DOI={10.1145/1882362.1882426},
journal={Proceedings of the FSE/SDP workshop on Future of software engineering research - FoSER '10},
author={Sadowski, Caitlin and Shewmaker, Andrew},
year={2010}
},

@article{contreras_martonosi_2008,
title={Characterizing and improving the performance of Intel Threading Building Blocks},
DOI={10.1109/iiswc.2008.4636091},
journal={2008 IEEE International Symposium on Workload Characterization},
author={Contreras, Gilberto and Martonosi, Margaret},
year={2008}
},

@article{skepu_2_2018,
title={SkePU 2: Flexible and Type-Safe Skeleton Programming for Heterogeneous Parallel Systems},
volume={46},
DOI={10.1007/s10766-017-0490-5},
number={1},
journal={International Journal of Parallel Programming},
author={Ernstsson, August and Li, Lu and Kessler, Christoph},
year={2017},
pages={62-80}
},

@article{mixed_openmp_mpi,
title={Application of Mixed MPI/OpenMP Programming in a Multi SMP Cluster Computer},
DOI={10.1007/3-540-48086-2_32},
journal={Parallel Processing and Applied Mathematics},
author={Smyk, Adam and Tudruj, Marek},
year={2002},
},

@article{bahar_manne_2001,
title={Power and energy reduction via pipeline balancing},
volume={29},
DOI={10.1145/384285.379265},
number={2},
journal={ACM SIGARCH Computer Architecture News},
author={Bahar, R. Iris and Manne, Srilatha},
year={2001},
pages={218-229}
},

@article{buyuktosunoglu_schuster_brooks_bose_cook_albonesi_2001,
title={An Adaptive Issue Queue for Reduced Power at High Performance},
DOI={10.1007/3-540-44572-2_3},
journal={Power-Aware Computer Systems},
author={Buyuktosunoglu, Alper and Schuster, Stanley and Brooks, David and Bose, Pradip and Cook, Peter and Albonesi, David},
year={2001},
pages={25-39}
},

@article{folegnani_gonzalez,
title={Energy-effective issue logic},
DOI={10.1109/isca.2001.937452},
journal={Proceedings 28th Annual International Symposium on Computer Architecture},
author={Folegnani, D. and Gonzalez, A.},
year={2001}
},

@article{maro_bai_bahar_2001,
title={Dynamically Reconfiguring Processor Resources to Reduce Power Consumption in High-Performance Processors},
DOI={10.1007/3-540-44572-2_8},
journal={Power-Aware Computer Systems},
author={Maro, Roberto and Bai, Yu and Bahar, R. Iris},
year={2001},
pages={97-111}
},

@article{ponomarev_kucuk_ghose,
title={Reducing power requirements of instruction scheduling through dynamic allocation of multiple datapath resources},
DOI={10.1109/micro.2001.991108},
journal={Proceedings. 34th ACM/IEEE International Symposium on Microarchitecture. MICRO-34},
author={Ponomarev, D. and Kucuk, G. and Ghose, K.},
year={2002}
},

@article{sasanka_hughes_adve_2002,
title={Joint local and global hardware adaptations for energy},
DOI={10.1145/605397.605413},
journal={Tenth international conference on architectural support for programming languages and operating systems on Proceedings of the 10th international conference on architectural support for programming languages and operating systems (ASPLOS-X) - ASPLOS '02},
author={Sasanka, Ruchira and Hughes, Christopher J. and Adve, Sarita V.},
year={2002}
},

@article{seng_tune_tullsen,
title={Reducing power with dynamic critical path information},
DOI={10.1109/micro.2001.991110},
journal={Proceedings. 34th ACM/IEEE International Symposium on Microarchitecture. MICRO-34},
author={Seng, J.S. and Tune, E.S. and Tullsen, D.M.},
year={2002}
},

@article{duesterwald_bala_2000,
title={Software profiling for hot path prediction},
volume={35},
DOI={10.1145/356989.357008},
number={11},
journal={ACM SIGPLAN Notices},
author={Duesterwald, Evelyn and Bala, Vasanth},
year={2000},
pages={202-211}
},

@article{floating_point_example,
title={Fast Lossless Compression of Scientific Floating-Point Data},
DOI={10.1109/dcc.2006.35},
journal={Data Compression Conference (DCC'06)},
author={Ratanaworabhan, P. and Ke, J. and Burtscher, M.},
year={2006},
},

@article{deng_wang_yan_yang_2008,
title={A Double-Buffering Strategy for the SRF management in the Imagine Stream Processor},
DOI={10.1109/icycs.2008.494},
journal={2008 The 9th International Conference for Young Computer Scientists},
author={Deng, Yu and Wang, Li and Yan, Xiaobo and Yang, Xuejun},
year={2008}
},

@article{sheeparamatti_sheeparamatti_bharamagoudar_ambali_2006,
title={Simulink Model for Double Buffering},
DOI={10.1109/iecon.2006.348142},
journal={IECON 2006 - 32nd Annual Conference on IEEE Industrial Electronics},
author={Sheeparamatti, R.B. and Sheeparamatti, B.G. and Bharamagoudar, Manjula and Ambali, Nayan},
year={2006}
},

@article{agarwal_hennessy_horowitz_1988,
title={Cache performance of operating system and multiprogramming workloads},
volume={6},
DOI={10.1145/48012.48037},
number={4},
journal={ACM Transactions on Computer Systems},
author={Agarwal, Anant and Hennessy, John and Horowitz, Mark},
year={1988},
pages={393-431}
},

@misc{me,
title={Design And Analysis Of A Plastic Parallel Programming System},
journal={},
author={Mark Jenkins},
year={2017},
pages={1-60}
},

@misc{muesli,
author = {John Sturdy},
title = {Muesli: Multiple Utility, Evaluation and Scripting Language Interface},
howpublished = "\url{http://www.nongnu.org/muesli/}",
year={2010},
note = "[Online; accessed January-2018]"
},

@misc{free_lunch,
author = {Herb Sutter},
title = {The Free Lunch Is Over: A Fundamental Turn Toward Concurrency in Software},
howpublished = "\url{http://www.gotw.ca/publications/concurrency-ddj.htm}",
year={2004},
note = "[Online; accessed November-2017]"
},

@misc{openmp_home,
author = {Friedman, Richard},
title = {OpenMP},
howpublished = "\url{http://www.openmp.org/}",
year={1997},
note = "[Online; accessed November-2017]"
},

@misc{parallel_hard,
author = {McKenney, Paul and Gupta, Manish and Michael, Maged and Howard, Phil and Triplett, Joshua and Walpole, Jonathan},
title = {Is Parallel Programming Hard, And If So, Why?},
howpublished = "\url{http://www.cs.pdx.edu/pdfs/tr0902.pdf}",
year={2009},
note = "[Online; accessed November-2017]"
},

@misc{parallel_patterns_examples1,
author = {Microsoft},
title = {Parallel Patterns Library (PPL)},
howpublished = "\url{https://msdn.microsoft.com/en-us/library/dd492418.aspx}",
year={2015},
note = "[Online; accessed November-2017]"
},

@misc{parallel_patterns_examples2,
author = {University of Illinois},
title = {Parallel Patterns},
howpublished = "\url{http://snir.cs.illinois.edu/PPP.html}",
year={2004},
note = "[Online; accessed November-2017]"
},

@misc{threading_building_blocks_2018,
author = {Intel},
title = {Threading Building Blocks},
howpublished = "\url{https://www.threadingbuildingblocks.org/}",
year={2006},
note = "[Online; accessed November-2017]"
},

@misc{cpp_standard,
author = {Bjarne Stroustrup},
title = {Standard for Programming Language C++},
howpublished = "\url{http://www.open-std.org/jtc1/sc22/wg21/docs/papers/2005/n1905.pdf}",
year={2005},
note = "[Online; accessed November-2017]"
},

@misc{compiler_explorer,
author = {Matt Godbolt},
title = {Compiler Explorer Tool},
howpublished = "\url{https://godbolt.org/}",
year={2017},
note = "[Online; accessed November-2017]"
},

@misc{what_is_jupyter_notebook,
author = {Antonino Ingargiola},
title = {Jupyter/ipython notebook quick start guide},
howpublished = "\url{https://jupyter-notebook-beginner-guide.readthedocs.io/en/latest/what_is_jupyter.html}",
year={2015},
note = "[Online; accessed November-2017]"
},

@misc{project_jupyter,
author = {Project Jupyter},
title = {Project Jupyter},
howpublished = "\url{https://jupyter.org/}",
year={2014},
note = "[Online; accessed November-2017]"
},

@misc{stress,
author = {Amos Waterland},
title = {stress - tool to impose load on and stress test systems},
howpublished = "\url{https://people.seas.harvard.edu/~apw/stress/}",
year={2014},
note = "[Online; accessed 29-March-2018]"
}