 @article{petabricks, 
title={PetaBricks}, 
DOI={10.1145/1542476.1542481}, 
journal={Proceedings of the 2009 ACM SIGPLAN conference on Programming language design and implementation - PLDI '09}, 
author={Ansel, Jason and Chan, Cy and Wong, Yee Lok and Olszewski, Marek and Zhao, Qin and Edelman, Alan and Amarasinghe, Saman}, 
year={2009}
},

 @article{lira, 
title={LIRA}, 
DOI={10.1145/2768405.2768407}, 
journal={Proceedings of the 5th International Workshop on Runtime and Operating Systems for Supercomputers - ROSS '15}, 
author={Collins, Alexander and Harris, Tim and Cole, Murray and Fensch, Christian}, 
year={2015}
},

 @article{skepu,
title={SkePU},
DOI={10.1145/1863482.1863487},
journal={Proceedings of the fourth international workshop on High-level parallel programming and applications - HLPP '10},
author={Enmyren, Johan and Kessler, Christoph W.},
year={2010}
},

 @article{parallel_challenges, 
title={Challenges of evolving sequential to parallel code}, 
DOI={10.1145/2024445.2024447}, 
journal={Proceedings of the 12th international workshop and the 7th annual ERCIM workshop on Principles on software evolution and software evolution - IWPSE-EVOL '11}, 
author={Meade, Anne and Buckley, Jim and Collins, J. J.}, 
year={2011}
},

 @article{mpi, 
title={MPI and communication---High-performance and scalable MPI over InfiniBand with reduced memory usage}, 
DOI={10.1145/1188455.1188565}, 
journal={Proceedings of the 2006 ACM IEEE conference on Supercomputing  - SC '06}, 
author={Sur, Sayantan and Koop, Matthew J. and Panda, Dhabaleswar K.}, 
year={2006}
},

 @book{datacenters, 
edition={1}, 
title={The Datacenter As a Computer: An Introduction to the Design of Warehouse-scale Machines (Synthesis Lectures on Computer Architecture)}, 
publisher={Morgan & Claypool Publishers}, 
author={Ho¨lzle, Urs and Barroso, Luiz Andre´}, 
year={2009}
}

 @misc{muesli,
title={Muesli: Multiple Utility, Evaluation and Scripting Language Interface},
url={http://www.nongnu.org/muesli/},
journal={Nongnu.org},
year={2017}
},

 @misc{free_lunch,
title={The Free Lunch Is Over: A Fundamental Turn Toward Concurrency in Software},
url={http://www.gotw.ca/publications/concurrency-ddj.htm},
journal={Gotw.ca},
year={2017}
},

 @article{parallel_landscape,
title={A view of the parallel computing landscape},
volume={52},
DOI={10.1145/1562764.1562783},
number={10},
journal={Communications of the ACM},
author={Asanovic, Krste and Wawrzynek, John and Wessel, David and Yelick, Katherine and Bodik, Rastislav and Demmel, James and Keaveny, Tony and Keutzer, Kurt and Kubiatowicz, John and Morgan, Nelson et al.},
year={2009},
pages={56}
},

 @book{posix_threads,
place={Boston [u.a.]},
title={Programming with POSIX threads},
publisher={Addison-Wesley},
author={Butenhof, David R},
year={2008}
},

 @article{patterns_and_frameworks,
title={Parallel computing with patterns and frameworks},
volume={17},
DOI={10.1145/1836543.1836552},
number={1},
journal={XRDS: Crossroads, The ACM Magazine for Students},
author={Catanzaro, Bryan and Keutzer, Kurt},
year={2010},
pages={22}
},

 @book{openmp,
place={San Francisco, Calif. [u.a.]},
title={Parallel programming in openMP},
publisher={Morgan Kaufmann},
author={Chandra, Rohit},
year={2009}
},

 @book{using_openmp,
place={Cambridge, Mass},
title={Using OpenMP},
publisher={MIT Press},
author={Chapman, Barbara and Jost, Gabriele and Pas, Ruud van der},
year={2008}
},

 @misc{openmp_home,
title={Home - OpenMP},
url={http://www.openmp.org/},
journal={OpenMP},
author={Friedman, Richard},
year={2017}
},

 @article{sequential_to_parallel,
title={Challenges of evolving sequential to parallel code},
DOI={10.1145/2024445.2024447},
journal={Proceedings of the 12th international workshop and the 7th annual ERCIM workshop on Principles on software evolution and software evolution - IWPSE-EVOL '11},
author={Meade, Anne and Buckley, Jim and Collins, J. J.},
year={2011}
},

 @book{parallel_with_mpi_openmp,
place={New Delhi},
title={Parallel programming in C with MPI and openMP},
publisher={McGraw-Hill Education},
author={Quinn, Michael J}
},

 @article{concurrency_revolution,
title={Software and the concurrency revolution},
volume={3},
DOI={10.1145/1095408.1095421},
number={7},
journal={Queue},
author={Sutter, Herb and Larus, James},
year={2005},
pages={54}
}